@misc{bib:fracCover,
  author = {Thomas Kesselheim},
  title = {Fractional Online Set Cover via LP Duality},
  year = {2017},
  url = {https://ls2-www.cs.tu-dortmund.de/grav/en/grav_files/people/kesselheim/AuU/skript03.pdf},
  note = {[Online; accessed 06-July-2024]}
}
